<record><leader>00000cas a2200000 a 4500</leader><controlfield tag="001">44996696</controlfield><controlfield tag="008">000912d197u1978txuwr ne      0    0eng c</controlfield><datafield ind1=" " ind2=" " tag="010"><subfield code="a">sn 00061578 </subfield></datafield><datafield ind1=" " ind2=" " tag="040"><subfield code="a">NVF</subfield><subfield code="b">eng</subfield><subfield code="c">NVF</subfield><subfield code="d">OCLCQ</subfield><subfield code="d">OCLCF</subfield><subfield code="d">OCLCO</subfield></datafield><datafield ind1="1" ind2=" " tag="029"><subfield code="a">AU@</subfield><subfield code="b">000021897189</subfield></datafield><datafield ind1=" " ind2=" " tag="042"><subfield code="a">pcc</subfield></datafield><datafield ind1=" " ind2=" " tag="043"><subfield code="a">n-us-il</subfield></datafield><datafield ind1="0" ind2=" " tag="130"><subfield code="a">United Methodist reporter (Dallas, Tex. : Central Illinois United Methodist ed.)</subfield></datafield><datafield ind1="1" ind2="4" tag="245"><subfield code="a">The United Methodist reporter.</subfield></datafield><datafield ind1="3" ind2=" " tag="246"><subfield code="a">Central Illinois United Methodist</subfield></datafield><datafield ind1="1" ind2="3" tag="246"><subfield code="a">Central Illinois United Methodist reporter</subfield><subfield code="f">&lt;Jan. 6&gt;-Apr. 7, 1978</subfield></datafield><datafield ind1=" " ind2=" " tag="250"><subfield code="a">Central Illinois United Methodist ed.</subfield></datafield><datafield ind1=" " ind2=" " tag="260"><subfield code="a">Dallas, Tex. :</subfield><subfield code="b">Newspaper Division of the United Methodist Communications Council,</subfield><subfield code="c">-1978.</subfield></datafield><datafield ind1=" " ind2=" " tag="300"><subfield code="a">v.</subfield></datafield><datafield ind1=" " ind2=" " tag="310"><subfield code="a">Weekly</subfield></datafield><datafield ind1="0" ind2=" " tag="362"><subfield code="a">-v. 6, no. 17 (Apr. 7, 1978).</subfield></datafield><datafield ind1=" " ind2=" " tag="500"><subfield code="a">Also published in Springfield, Ill. and Bloomington, Ill., &lt;Jan. 6&gt;-Apr. 7, 1978.</subfield></datafield><datafield ind1=" " ind2=" " tag="588"><subfield code="a">Description based on: Vol. 5, no. 46 (Oct. 28, 1977).</subfield></datafield><datafield ind1="2" ind2="0" tag="610"><subfield code="a">United Methodist Church (U.S.)</subfield><subfield code="v">Newspapers.</subfield></datafield><datafield ind1="2" ind2="0" tag="610"><subfield code="a">United Methodist Church (U.S.).</subfield><subfield code="b">Central Illinois Conference</subfield><subfield code="v">Newspapers.</subfield></datafield><datafield ind1=" " ind2="0" tag="650"><subfield code="a">Methodists</subfield><subfield code="z">Illinois</subfield><subfield code="v">Newspapers.</subfield></datafield><datafield ind1=" " ind2="0" tag="651"><subfield code="a">Springfield (Ill.)</subfield><subfield code="v">Newspapers.</subfield></datafield><datafield ind1=" " ind2="0" tag="651"><subfield code="a">Bloomington (Ill.)</subfield><subfield code="v">Newspapers.</subfield></datafield><datafield ind1=" " ind2="0" tag="651"><subfield code="a">Dallas (Tex.)</subfield><subfield code="v">Newspapers.</subfield></datafield><datafield ind1=" " ind2="7" tag="655"><subfield code="a">Newspapers.</subfield><subfield code="2">fast</subfield><subfield code="0">(OCoLC)fst01423814</subfield></datafield><datafield ind1="2" ind2="7" tag="610"><subfield code="a">United Methodist Church (U.S.)</subfield><subfield code="2">fast</subfield><subfield code="0">(OCoLC)fst00541693</subfield></datafield><datafield ind1="2" ind2="7" tag="610"><subfield code="a">United Methodist Church (U.S.).</subfield><subfield code="b">Central Illinois Conference.</subfield><subfield code="2">fast</subfield><subfield code="0">(OCoLC)fst00603401</subfield></datafield><datafield ind1=" " ind2="7" tag="650"><subfield code="a">Methodists.</subfield><subfield code="2">fast</subfield><subfield code="0">(OCoLC)fst01018703</subfield></datafield><datafield ind1=" " ind2="7" tag="651"><subfield code="a">Illinois.</subfield><subfield code="2">fast</subfield><subfield code="0">(OCoLC)fst01205143</subfield></datafield><datafield ind1=" " ind2="7" tag="651"><subfield code="a">Illinois</subfield><subfield code="z">Bloomington.</subfield><subfield code="2">fast</subfield><subfield code="0">(OCoLC)fst01205022</subfield></datafield><datafield ind1=" " ind2="7" tag="651"><subfield code="a">Illinois</subfield><subfield code="z">Springfield.</subfield><subfield code="2">fast</subfield><subfield code="0">(OCoLC)fst01204937</subfield></datafield><datafield ind1=" " ind2="7" tag="651"><subfield code="a">Texas</subfield><subfield code="z">Dallas.</subfield><subfield code="2">fast</subfield><subfield code="0">(OCoLC)fst01204635</subfield></datafield><datafield ind1="2" ind2=" " tag="710"><subfield code="a">United Methodist Communications Council (U.S.).</subfield><subfield code="b">Newspaper Division.</subfield></datafield><datafield ind1=" " ind2=" " tag="752"><subfield code="a">United States</subfield><subfield code="b">Texas</subfield><subfield code="c">Dallas</subfield><subfield code="d">Dallas.</subfield></datafield><datafield ind1=" " ind2=" " tag="752"><subfield code="a">United States</subfield><subfield code="b">Illinois</subfield><subfield code="c">Sangamon</subfield><subfield code="d">Springfield.</subfield></datafield><datafield ind1=" " ind2=" " tag="752"><subfield code="a">United States</subfield><subfield code="b">Illinois</subfield><subfield code="c">McLean</subfield><subfield code="d">Bloomington.</subfield></datafield><datafield ind1="0" ind2="0" tag="785"><subfield code="t">United Methodist reporter of the Central Illinois Conference</subfield><subfield code="w">(DLC)sn 00061579</subfield></datafield></record>